%% This BibTeX bibliography file was created using BibDesk.
%% http://bibdesk.sourceforge.net/


%% Created for Stefan Sch√∂tt at 2022-08-28 21:23:02 +0200 


%% Saved with string encoding Unicode (UTF-8) 



@webpage{bs4-find-all,
	date-added = {2022-08-28 21:22:32 +0200},
	date-modified = {2022-08-28 21:23:02 +0200},
	keywords = {bs4 find_all},
	lastchecked = {28.08.2022 21:22},
	url = {https://www.crummy.com/software/BeautifulSoup/bs4/doc/#calling-a-tag-is-like-calling-find-all},
	year = {2022}}

@webpage{css-ref,
	date-added = {2022-08-28 21:04:37 +0200},
	date-modified = {2022-08-28 21:06:41 +0200},
	keywords = {css reference w3schools},
	lastchecked = {28.08.2022 21:04},
	url = {https://www.w3schools.com/cssref/css_selectors.asp},
	year = {2022}}

@webpage{mozilla-html,
	date-added = {2022-08-28 20:58:12 +0200},
	date-modified = {2022-08-28 20:58:56 +0200},
	keywords = {mozilla html},
	lastchecked = {28.08.2022 20:58},
	month = {08},
	url = {https://developer.mozilla.org/de/docs/Learn/Getting_started_with_the_web/HTML_basics},
	year = {2022}}

@webpage{bs4,
	date-added = {2022-08-28 19:41:13 +0200},
	date-modified = {2022-08-28 19:41:58 +0200},
	keywords = {python package bs4},
	lastchecked = {28.08.2022 19:41},
	url = {https://www.crummy.com/software/BeautifulSoup/bs4/doc/},
	year = {2022}}

@webpage{requests-readthedocs,
	date-added = {2022-08-28 19:28:52 +0200},
	date-modified = {2022-08-28 19:34:51 +0200},
	keywords = {python package requests},
	lastchecked = {28.08.2022 19:29},
	url = {https://requests.readthedocs.io/en/latest/},
	year = {2022}}

@webpage{pypi-requests,
	abstract = {requests},
	date-added = {2022-08-28 18:16:28 +0200},
	date-modified = {2022-08-28 19:35:00 +0200},
	keywords = {python package bs4},
	lastchecked = {28.08.2022 18:17},
	month = {06},
	url = {https://pypi.org/project/requests/},
	year = {2022}}
